
@Misc{SalvamentoMaritimo,
  author = 	 {Salvamento Marítimo},
  title = 	 {Salvamento Marítimo},
  howpublished = {\url{http://www.salvamentomaritimo.es/sm/safeTRX/}}
}

@Misc{AS,
  author = 	 {Google},
  title = 	 {Android Studio},
  howpublished = {\url{https://es.wikipedia.org/wiki/Android_Studio}}
}
 @Misc{JAVA,
  author = 	 {Wikipedia},
  title = 	 {Java},
  howpublished = {\url{https://en.wikipedia.org/wiki/Java_(programming_language)}}
}
@Misc{Android,
  author = 	 {Google},
  title = 	 {Android Developer},
  howpublished = {\url{https://developer.android.com/index.html}}
}

@Misc{VRUIZ,
  author = 	 {Vicente González Ruiz},
  title = 	 {Desarrollo de un sistema de localización marítima usando radio faros},
  howpublished = {\url{https://w3.ual.es/~vruiz/Docencia/Proyectos/Ofertados/radio-faro/index.html}}
}

@Misc{RDACUA,
  author = 	 {Sport},
  title = 	 {Incremento deportes acuáticos},
  howpublished = {\url{http://www.sport.es/es/noticias/deporte-extremo/practica-deportes-aventura-incrementa-3672031}}
}

@Misc{ART,
  author = 	 {Google},
  title = 	 {ART},
  howpublished = {\url{https://source.android.com/devices/tech/dalvik/}}
}
@Misc{GPS,
  author = 	 {Wikipedia},
  title = 	 {GPS},
  howpublished = {\url{https://es.wikipedia.org/wiki/GPS}}
}
@Misc{INTELLIJ,
  author = 	 {Jetbrains},
  title = 	 {IntelliJ IDEA},
  howpublished = {\url{https://www.jetbrains.com/idea/}}
}
@Misc{ANDROIDSTUDIO,
  author = 	 {Google},
  title = 	 {Android Studio},
  howpublished = {\url{https://developer.android.com/studio/intro/}}
}
@Misc{OPTIMIZABATERIA,
  author = 	 {Google},
  title = 	 {Optimización batería},
  howpublished = {\url{https://developer.android.com/topic/performance/power/}}
}
@Misc{FIREBASECLOUDMESS,
  author = 	 {Firebase},
  title = 	 {Firebase Cloud Messaging},
  howpublished = {\url{https://firebase.google.com/docs/cloud-messaging/}}
}
@Misc{BATTERYHISTORIAN,
  author = 	 {Google},
  title = 	 {Battery Historian},
  howpublished = {\url{https://github.com/google/battery-historian}}
}
@Misc{NOSQL,
  author = 	 {Dan Sullivan},
  title = 	 {NoSQL for mere mortals},
  howpublished = {\url{http://almirez.ual.es/record=b1556758~S7*spi}}
}
@Misc{DEFINICIONNOSQL,
  author = 	 {Oracle},
  title = 	 {¿Que es una base de datos NoSql?},
  howpublished = {\url{https://blogs.oracle.com/spain/qu-es-una-base-de-datos-nosql}}
}
@Misc{JSON,
  author = 	 {JSON},
  title = 	 {Introducción a JSON},
  howpublished = {\url{https://www.json.org/json-es.html}}
}
@Misc{OPENWEATHER,
  author = 	 {Open Weather},
  title = 	 {Open Weather Map},
  howpublished = {\url{https://openweathermap.org/}}
}
@Misc{RESACA,
  author = 	 {Wikipedia},
  title = 	 {Corriente de resaca},
  howpublished = {\url{https://es.wikipedia.org/wiki/Corriente_de_resaca}}
}
@Misc{BEAUFORT,
  author = 	 {Wikipedia},
  title = 	 {Escala de Beaufort},
  howpublished = {\url{https://es.wikipedia.org/wiki/Escala_de_Beaufort}}
}
@Misc{DOUGLAS,
  author = 	 {Wikipedia},
  title = 	 {Escala Douglas},
  howpublished = {\url{https://es.wikipedia.org/wiki/Escala_Douglas}}
}
@Misc{FBVELA,
  author = 	 {Federación Balear de vela},
  title = 	 {Ciencias aplicadas al Kiteboarding},
  howpublished = {\url{http://www.federacionbalearvela.org}}
}
@Misc{ANDROIDWORKMANAGER,
  author = 	 {Google},
  title = 	 {Schedule tasks with WorkManager},
  howpublished = {\url{https://developer.android.com/topic/libraries/architecture/workmanager}}
}
@Misc{PEMEA,
  author = 	 {EENA},
  title = 	 {Pan-European Mobile Emergency Apps},
  howpublished = {\url{https://eena.org/apps/}}
}
@Misc{VDERIVA,
  author = 	 {Atsuhiko ISOBE1 Hirofumi HINATA2 Shinichiro KAKO1 and Shun YOSHIOKA},
  title = 	 {Formulation of Leeway-Drift Velocities for Sea-Surface
Drifting-Objects Based on a Wind-Wave Flume Experiment},
  howpublished = {\url{https://www.terrapub.co.jp/onlineproceedings/ec/05/pdf/PR_05239.pdf}}
}
@Misc{DDERIVA,
  author = 	 {Bruce Hackett Øyvind Breivik and Cecilie Wettre},
  title = 	 {Ocean Weather Forecasting: An Integrated View of Oceanography},
  howpublished = {\url{https://www.academia.edu/20257040/Forecasting_the_drift_of_objects_and_substances_in_the_ocean}}
}
